@article{vonneumann1950,
  title={A method for the numerical calculation of hydrodynamic shocks},
  author={VonNeumann, John and Richtmyer, Robert D},
  journal={Journal of applied physics},
  volume={21},
  number={3},
  pages={232--237},
  year={1950},
  publisher={American Institute of Physics}
}

@inproceedings{jameson1981,
  title={Numerical solution of the Euler equations by finite volume methods using Runge Kutta time stepping schemes},
  author={Jameson, Antony and Schmidt, Wolfgang and Turkel, Eli},
  booktitle={14th fluid and plasma dynamics conference},
  pages={1259},
  year={1981}
}

@article{gibbs1899,
  title={Fourier's series},
  author={Gibbs, J Willard},
  journal={Nature},
  volume={59},
  number={1539},
  pages={606--606},
  year={1899},
  publisher={Nature Publishing Group UK London}
}